@article{sand2013ziphmmlib,
  title={zipHMMlib: a highly optimised HMM library exploiting repetitions in the input to speed up the forward algorithm},
  author={Sand, Andreas and Kristiansen, Martin and Pedersen, Christian NS and Mailund, Thomas},
  journal={BMC bioinformatics},
  volume={14},
  number={1},
  pages={339},
  year={2013},
  publisher={BioMed Central Ltd}
}

@article{lifshits2009speeding,
  title={Speeding up HMM decoding and training by exploiting sequence repetitions},
  author={Lifshits, Yury and Mozes, Shay and Weimann, Oren and Ziv-Ukelson, Michal},
  journal={Algorithmica},
  volume={54},
  number={3},
  pages={379--399},
  year={2009},
  publisher={Springer}
}
